2900 4742
233 366 310 455 nn
335 387 570 458 scnoun
590 390 647 460 nr
667 346 1138 472 obnosrnnnnm
1173 427 1194 494 5

155 559 361 664 plerumque
378 572 412 638 in
426 573 532 668 peius,
553 589 613 642 out
629 573 664 640 in
681 565 793 641 locum
812 595 942 660 eorum,
966 599 1051 671 quae
1066 578 1183 655 Fabri·

154 690 228 759 cino
249 685 358 782 legere
373 678 553 784 nequisset,
576 713 771 766 commenta
792 688 849 764 sua
869 691 1008 774 suffecit.
1057 705 1184 802 Neque

152 831 291 904 egomet
312 804 379 906 ipse
400 807 571 882 affirmare
597 809 717 924 cufim,
746 839 803 886 nre
827 839 924 900 veras
949 819 1068 894 codicis
1091 829 1181 926 Aug.

150 926 311 1002 lebliones
324 930 447 1026 vbique
461 930 614 1003 locorum
630 955 689 1006 aut
700 930 881 1010 assecutum
900 935 974 1029 esse,
996 965 1055 1016 aut
1070 947 1179 1022 reddi·

149 1046 240 1122 disse.
267 1051 375 1124 Facile
386 1048 454 1140 fiat,
475 1077 511 1126 et
527 1079 656 1144 vereor,
673 1081 717 1128 ne
733 1082 803 1128 non
820 1083 898 1130 roro
916 1057 1043 1135 fesium
1061 1063 1112 1153 fit,
1138 1091 1178 1144 vt

148 1195 214 1271 ego
231 1199 377 1272 qnoque,
394 1178 452 1270 qui
467 1171 520 1246 die
528 1199 558 1262 7.
575 1181 663 1248 Iunii
680 1172 835 1264 1767.illn
851 1174 972 1254 scholio
992 1181 1177 1266 exscribere

146 1301 342 1394 coeperim,
367 1293 611 1368 etd.1r.1ulii
637 1296 785 1370 eiusdem
805 1305 884 1378 anni
909 1301 1057 1380 laborem
1081 1305 1175 1385 hunc

144 1393 358 1506 obsoluerim,
381 1439 427 1508 et,
452 1415 595 1492 obrutus
608 1439 713 1517 atque
726 1415 892 1492 distribut
906 1420 1044 1500 aliarum
1056 1454 1175 1506 rerum

142 1537 351 1638 agendarum
367 1539 596 1626 multitudine,
619 1546 690 1614 otio
702 1537 879 1614 destitutus
892 1538 1017 1616 fuerim
1031 1573 1173 1648 apogra.
1266 1557 1269 1564 “

142 1659 258 1762 pbum
281 1687 397 1734 meum
417 1687 495 1757 cum
525 1660 732 1734 membranis
756 1660 832 1762 ipsis
848 1659 960 1738 rursus
975 1692 1173 1768 comparan-

142 1783 190 1876 di,
216 1808 301 1882 quae
315 1782 532 1856 membranae
549 1794 638 1856 eme
659 1781 761 1882 paulo
773 1783 860 1884 post
880 1783 920 1858 nd
943 1785 1099 1862 dominos
1119 1815 1172 1866 re·

141 1904 257 1984 nrissae
271 1903 359 1993 sont,
380 1901 523 2005 suspicor
540 1910 642 2004 igitur
657 1901 789 1979 factum
806 1904 869 1980 eise
884 1905 999 2006 paslim
1016 1909 1172 1988 locorum

140 2052 184 2101 vt
198 2033 419 2128 peccauerim,
439 2025 685 2100 nonmeditate
704 2049 740 2100 et
755 2025 846 2120 lente
859 2053 932 2102 rem
950 2055 1088 2125 gerens,
1115 2031 1171 2108 secl

140 2146 302 2224 festinem
328 2147 443 2223 labore
468 2144 626 2246 defungi,
652 2143 828 2222 necessario
853 2149 990 2246 quidem
1013 2151 1089 2246 illo,
1112 2151 1169 2230 sed

139 2269 326 2346 iniucunda
349 2294 384 2344 et
400 2295 503 2369 qoem
519 2275 626 2344 inuita
640 2274 800 2342 Minerua
819 2270 1013 2360 tolerarem.
1064 2275 1167 2368 Quod

140 2388 167 2466 si
191 2417 273 2492 ergo
289 2390 355 2466 hoe
370 2398 405 2464 in
420 2417 546 2490 genere
569 2416 632 2490 ego
645 2415 780 2490 quoque
795 2387 1033 2492 humaniquid
1058 2395 1168 2495 passus
1233 2435 1243 2452 =
1388 2487 1389 2494 ἵ

136 2512 253 2606 fuero,
272 2537 311 2587 vt
329 2511 404 2586 fidei
420 2511 570 2613 publicae
587 2517 811 2611 imponerem,
829 2513 945 2612 culpae
961 2501 1094 2590 veniam
1110 2545 1167 2615 ro·

136 2663 195 2738 go,
217 2637 258 2710 ab
275 2641 384 2710 inuito
397 2657 431 2708 et
447 2631 663 2734 imprudente
671 2629 871 2708 commissae.
886 2625 889 2637 ’
918 2635 1058 2712 Discant
1074 2637 1166 2736 hinc,

136 2765 198 2860 qui
214 2756 426 2834 bibliothecis
442 2753 612 2856 praesunt,
635 2779 744 2846 exeo,
768 2756 859 2855 quod
877 2757 1004 2830 codices
1017 2757 1091 2836 suos
1117 2767 1167 2836 vi·

134 2887 185 2954 ris
213 2879 318 2954 coelis
333 2876 540 2980 vsurpnndoe
553 2876 645 2968 dent,
669 2885 781 2977 pretio
798 2879 948 2954 codicum
967 2877 1054 2955 nihil
1068 2880 1163 2959 dece·

133 3001 229 3076 dere.
278 3008 367 3074 Fieri
388 2995 587 3100 nequit,'vb
601 3025 687 3085 vnus
705 2997 823 3089 homo,
851 2997 1047 3101 praesertim
1071 3000 1161 3078 festi·

133 3147 233 3208 nane,
256 3130 371 3199 omnia
385 3145 502 3196 cernat
516 3144 691 3208 etenotet.
741 3117 952 3214 Posteriores,
977 3123 1158 3208 eosdemin

133 3242 265 3318 codices
285 3271 362 3318 cum
385 3244 560 3338 incidunt,
586 3244 683 3344 plura
706 3251 906 3345 pauciortue
920 3241 1109 3334 obseruant,
1137 3269 1158 3320 a

132 3366 322 3440 maioribus
343 3363 557 3466 praecernisa.
605 3370 710 3465 Saepe
742 3391 877 3466 quoque
908 3364 998 3438 locus
1031 3363 1161 3452 dubitor

131 3492 238 3561 tionis
258 3487 391 3578 incidit,
414 3512 490 3562 vter
506 3512 639 3571 ,verum
653 3485 793 3578 viderit,
818 3493 913 3588 prior
927 3512 970 3559 an
987 3483 1159 3587 posterior.

109 3607 273 3685 *Debent
290 3613 393 3707 igitur
414 3606 577 3682 eiusmodi
598 3607 817 3680 membranae
844 3633 874 3680 a.
887 3607 1030 3680 dominis
1050 3601 1162 3682 sanese

131 3752 170 3804 et
193 3729 347 3827 religiose
372 3727 543 3820 custodiri,
567 3751 606 3804 vt
639 3725 778 3828 supersit
800 3727 926 3800 arbiter
949 3725 1086 3830 idoneus
1104 3727 1158 3830 litl
1221 3809 1224 3816 ,
1254 3727 1259 3739 “

131 3850 351 3936 dirimendae.
401 3859 516 3951 Quare
532 3858 696 3926 maiorem
714 3854 749 3920 in
763 3849 903 3922 modum
921 3874 939 3922 a
955 3853 1033 3927 viris
1054 3845 1160 3934 doslie
1259 3915 1263 3920 .

129 3996 217 4075 peto
239 3997 341 4074 atque
360 3973 548 4069 contendo,
580 3971 606 4049 si
628 3977 686 4074 qui
708 3991 767 4045 ant
788 3968 956 4072 Augustae
974 3967 1071 4057 sunt,
1100 3991 1160 4076 auc

181 4093 331 4194 Demoss.
343 4095 384 4174 V
383 4093 486 4174 olll.
663 4084 814 4172 'Ccccc
1010 4090 1015 4100 ’
1045 4115 1159 4186 erunt,
