2900 4742
209 375 552 486 noscuomn
576 411 640 482 nr
667 393 1126 495 uunosru'unurn
1169 439 1189 508 7
1318 381 1323 384 ’
1382 387 1383 390 Ὺ

148 593 291 668 dentur.
340 584 611 666 traeteiindices
628 588 911 688 inTheocrituoa,
933 618 1004 670 tam
1017 621 1088 670 non
1103 621 1183 674 con·
1260 679 1267 692 ,

146 713 358 790 ,temnendoa
374 706 472 807 illoc,
494 736 533 794 vt
553 719 666 814 potius
688 712 877 813 optandum
897 716 956 810 fit,
1000 723 1035 792 in
1054 722 1185 795 multoe
1276 739 1281 750 “

148 836 307 912 cultores
324 861 462 933 graccos
484 831 609 909 exstare
630 833 751 906 {imilco
771 835 852 923 illis,
875 859 910 908 et
937 863 1074 940 praeter
1095 841 1181 920 haec

148 957 276 1035 scholia
290 954 549 1042 demosthenica,
572 955 678 1029 debeo
698 963 728 1028 ei
742 957 937 1060 apographa
953 961 1037 1037 bene
1053 967 1181 1042 multo·
1334 1013 1336 1018 -

148 1107 230 1158 rum
253 1080 407 1156 codicum
429 1103 639 1176 graecorum.
670 1077 768 1151 callet
793 1085 884 1152 enim
908 1075 1026 1158 nunus
1049 1079 1180 1164 librari·
1298 1133 1300 1143 ‹
1335 1187 1338 1197 1

144 1229 252 1280 orum
266 1225 465 1301 graecorum
477 1223 513 1274 et
529 1193 752 1273 subtiliffimos
776 1223 810 1272 et
830 1205 1106 1301 intricatiffimoo,
1128 1234 1181 1287 at-

147 1325 368 1426 qucerpcdit'
382 1319 583 1406 feliciffime,
606 1343 645 1394 rt
659 1317 755 1421 saepe
768 1327 910 1396 miratus
930 1323 1001 1399 fim.
1051 1331 1179 1426 Euseri.

146 1443 217 1550 pfit
235 1445 322 1520 mihi
340 1443 473 1520 Scholia
493 1450 529 1517 in
542 1440 773 1516 Theocritum
793 1442 1018 1536 &encueniln
1049 1453 1111 1529 alia
1137 1459 1175 1532 in

142 1569 303 1658 eundem,
319 1588 474 1667 poetam,
499 1571 581 1638 item
604 1572 641 1637 in
655 1563 843 1640 Heliodum
866 1589 966 1662 arque
989 1575 1174 1655 Pindarum
1220 1575 1224 1596 ¹

144 1721 190 1768 ex
205 1689 398 1789 Augullano
409 1685 531 1773 codice,
556 1675 690 1761 Scholia
707 1687 847 1786 duplicia
861 1695 992 1782 generis
1007 1697 1043 1764 in
1060 1697 1196 1772 Aristi-¹
1336 1717 1340 1748 ¹

141 1817 233 1907 den,
253 1807 419 1887 eduobus
433 1808 600 1883 codicibus
618 1805 935 1900 Monachienllbus‚
967 1811 1099 1890 Eudoxi
1119 1819 1197 1917 (vt,

146 1929 1177 2041 vulgoputator)Lexicon,itemilludcclcbrel’horii,luiiii'ol·

146 2061 245 2155 lucis,
261 2057 408 2132 hominis
422 2049 612 2138 Christiani,
633 2051 843 2144 chronicon,
859 2053 932 2126 alia.
966 2061 1090 2157 Neque
1109 2060 1177 2138 hot

147 2176 446 2286 praetereundum,
455 2179 604 2247 recentia
616 2201 634 2246 a
648 2177 785 2273 preloty
810 2174 994 2274 ographico
1011 2174 1091 2254 folia
1102 2187 1175 2259 Dr-

143 2301 336 2377 mollhenia
353 2305 420 2371 mei
434 2323 513 2368 eum
533 2295 695 2367 amendia
710 2321 777 2395 pur
844 2323 872 2370 c.
894 2299 1081 2376 Voluntate
1097 2312 1174 2404 qui..

142 2426 250 2501 fidem
258 2449 293 2497 ec
310 2427 397 2494 votis
407 2413 486 2518 quid
503 2414 635 2523 efficere
647 2445 780 2517 queam,
813 2415 964 2493 fortunis
983 2427 1171 2512 Heslerum
1252 2429 1258 2442 ⁸

142 2555 184 2620 in
208 2540 415 2647 ampliffimia
439 2539 611 2633 collocem.
658 2540 722 2616 Sed
748 2538 877 2617 obstare
901 2541 1060 2620 videntur
1080 2549 1172 2628 labca
1209 2531 1215 2546 ⁵

146 2668 314 2769 quaedam
329 2671 481 2758 corporis
507 2668 713 2760 congenitae.
735 2701 784 2722 -

222 2789 364 2863 Scholiis
381 2783 483 2869 hisce,
506 2810 546 2856 ex
562 2782 810 2882 Augustanoet
827 2791 985 2862 Bouarico
1010 2786 1098 2864 libro
1117 2777 1175 2895 oe·

144 2917 239 3002 titio,
261 2909 395 2982 adiunxi
421 2931 533 3006 panta
548 2905 731 3004 quaedam,
758 2933 843 3007 quae
858 2907 991 3001 Aldina,
1016 2915 1173 2988 aLeism·

142 3043 201 3135 gio
217 3033 262 3107 V.
282 3037 320 3105 C.
334 3054 470 3102 mecum
488 3034 751 3122 communicata,
779 3025 1012 3132 suppedirault.
1065 3039 1174 3111 Nolui

142 3159 204 3232 illa
226 3162 316 3228 inter
347 3149 380 3225 lc
418 3149 642 3225 commiscere.
712 3152 862 3242 Stultum
895 3177 930 3228 et
962 3163 1099 3235 noxium
1126 3155 1174 3234 cst
1204 3181 1207 3188 ⁴

143 3285 262 3354 omnia
276 3280 431 3348 omnium
447 3270 569 3348 scholia
587 3280 625 3347 in
640 3300 746 3349 vnum
765 3281 903 3349 cinnum
927 3285 1107 3370 coniicere,
1134 3299 1173 3358 vt
1236 3291 1242 3312 “

139 3395 277 3474 factum
295 3395 343 3470 eit
358 3403 392 3468 in
410 3393 635 3494 Aristophane
652 3422 688 3469 et
705 3394 905 3471 Theocrito.
953 3402 1088 3499 Singula
1107 3401 1175 3476 fin-

141 3522 306 3623 gulorum
324 3515 459 3592 leorfim
473 3515 629 3619 ponenda
642 3513 728 3607 lunt,
753 3545 821 3616 quo
837 3517 958 3593 melius
973 3545 1008 3594 et
1021 3523 1175 3600 austures
1194 3545 1211 3613 f

143 3639 405 3743 dignoscantur,
429 3663 464 3712 ct
489 3644 614 3711 certius
635 3637 793 3712 iudicium
811 3635 852 3714 de
877 3649 1035 3742 cuiusque
1060 3655 1173 3748 pretio

143 3763 292 3856 feratur,
313 3788 424 3860 neque
442 3759 501 3833 fibi
516 3755 584 3859 ipsa
598 3755 722 3834 scholia
738 3787 938 3861 repugnent.
955 3800 961 3816 ν
988 3769 1173 3866 Augullarll

142 3887 280 3963 Scholia
299 3887 354 3960 vbi
373 3909 450 3958 cum
466 3880 609 3980 vulgatis
622 3889 840 3972 conueniunt,
862 3883 997 3986 apposui
1010 3907 1174 3968 numeror
1256 3894 1259 3912 '

144 4016 348 4110 paginarum
368 4031 403 4083 et
426 4001 582 4082 versuum
605 4001 759 4082 editionis
783 4006 1021 4103 Motellianae,
1043 4011 1096 4090 kd
1121 4014 1175 4088 hia
1228 4037 1229 4043 ’

606 4188 609 4198 .
656 4131 835 4206 Cetera
1082 4147 1176 4213 uncia
