2900 4742
207 511 212 522 ι
294 415 318 481 ⁶
480 367 536 424 Ψ
647 406 965 478 rnnnonrxo
1055 443 1060 473 ,.

298 609 413 678 crunt,
436 607 496 660 cot
513 581 672 686 siquibus
690 584 762 670 aliis,
781 582 859 658 alibi
881 581 1034 670 locorum
1057 585 1152 682 copia
1173 579 1311 656 codirorn

299 704 573 810 Augustinorum
589 703 656 791 fiet,
681 727 717 777 vr
735 703 883 779 codicem
902 702 1142 778 Demosthenis
1164 701 1311 802 Auguste·

301 857 408 926 num,
429 854 527 904 ame
545 827 722 926 diligenter
757 825 951 919 traslatum,
971 824 1194 900 nihilominus
1212 847 1313 898 temen

304 959 424 1029 maiori
439 957 539 1026 etiam
556 946 729 1046 diligentia
746 955 951 1044 examinent,
974 953 1133 1047 quoniam
1158 971 1233 1020 cunr
1254 971 1314 1020 cre·

260 1099 263 1103 ’
305 1076 420 1167 dibile,
441 1097 516 1148 tum
539 1093 672 1145 certum
693 1069 777 1146 adeo
792 1068 856 1166 eil,
881 1069 1045 1146 nonnulla
1067 1095 1181 1146 meam
1196 1067 1314 1169 diligen·

307 1205 388 1274 tium
405 1189 561 1294 effugilse.

378 1445 420 1514 ln
441 1441 601 1512 Buomieo
626 1433 766 1536 duplicis
789 1461 895 1512 erant*
910 1443 1045 1538 generis
1063 1435 1206 1529 scholia,
1232 1437 1315 1510 tliur

194 1606 205 1633 ι
309 1573 416 1635 manu
438 1566 575 1658 antiqua
598 1552 749 1647 exenta,
773 1556 910 1658 eadem,
942 1553 1026 1660 rjuee
1049 1583 1166 1635 toturn
1188 1559 1315 1634 codicem

233 1712 236 1727 ·
310 1687 476 1772 exorauit,
514 1681 577 1753 clia
597 1705 618 1753 a
637 1705 728 1754 noua
759 1677 953 1756 sordidiore.
985 1679 1179 1782 posterioris
1206 1685 1315 1780 generis

307 1799 443 1895 scholio,
455 1825 546 1918 ¹quae
564 1800 650 1874 mihi
670 1799 872 1877 ridebantur
897 1802 1112 1906 Moschopuli
1133 1801 1215 1896 esse,
1237 1801 1313 1876 dete·

309 1931 418 2014 riom,
440 1947 545 2025 paene
563 1921 776 1998 solummodo
803 1921 1045 2011 interlinearic,
1068 1925 1235 2015 vocubulis
1256 1917 1315 1996 bre·
1363 1979 1364 2030 3

310 2043 439 2122 uiffime
455 2070 518 2146 per
529 2045 592 2118 clia
603 2041 776 2146 intelleslu
789 2041 1120 2122 facilioradeclarand
1138 2045 1316 2138 isdeslinrn,

310 2168 416 2242 omis.
449 2163 753 2241 vetustiorrcotcm
767 2165 822 2242 illa
840 2195 918 2244 cum
934 2167 1005 2271 ipse
1018 2166 1253 2268 exscripfilsenx,
1272 2163 1315 2238 sed

310 2289 529 2380 socordior,
551 2283 693 2364 dieieiiir
708 2293 744 2360 in
761 2285 897 2384 schedis,
921 2297 955 2364 in
968 2290 1135 2368 inundarit
1155 2289 1224 2364 dedi
1240 2293 1315 2364 Her·

311 2409 386 2485 lero
402 2437 491 2501 meo,
518 2433 558 2484 nt
571 2435 611 2482 ex
622 2405 742 2483 ordine
756 2411 811 2484 illu
827 2413 939 2487 denuo
953 2439 992 2486 ex
1013 2409 1083 2514 ipso
1103 2413 1211 2487 codice
1231 2418 1316 2486 uua·

311 2537 385 2607 'rico
399 2529 608 2606 exscriberet.
624 2531 715 2630 quod
732 2531 785 2605 ille
802 2559 866 2634 pro
883 2561 979 2610 more
992 2533 1069 2622 suo,
1088 2559 1125 2608 et
1138 2557 1263 2636 promte
1275 2553 1317 2602 rt·

312 2681 381 2756 qur
400 2655 570 2757 expedite,
594 2678 629 2727 et
653 2651 817 2748 fideliter,
853 2652 1062 2757 feliciterque
1081 2654 1244 2732 exsecutus
1269 2649 1315 2726 eli.

312 2775 433 2850 Debeo
455 2775 521 2850 hoc
535 2773 709 2870 Heriem,
734 2781 782 2850 ita
803 2777 844 2851 de
866 2803 922 2850 me
938 2785 1079 2871 merito,
1099 2803 1153 2872 ves
1173 2785 1244 2878 quie
1258 2797 1315 2848 nnn

312 2898 431 2972 videor
442 2903 514 2972 eius
528 2923 607 2998 erga
623 2920 679 2972 me
695 2905 877 2998 pictatem,
902 2901 968 2974 alio
989 2899 1208 2976 luculentiore
1228 2895 1315 2974 modo

312 3026 524 3094 remunerari
537 3019 638 3121 polle,
666 3047 784 3095 amore
800 3018 919 3112 saltim,
944 3045 979 3096 et
994 3030 1055 3122 piir
1071 3031 1177 3115 votis,
1199 3045 1231 3097 et
1249 3043 1314 3092 ron·
1356 3035 1360 3066 ¹

311 3139 422 3216 denda
433 3139 499 3214 hoc
517 3142 591 3216 loco
606 3147 939 3218 memoria·1rnminis
957 3143 998 3216 ad
1020 3143 1170 3245 posteros
1191 3165 1314 3246 pernen·

311 3285 390 3339 turc
405 3289 616 3339 remunerer.
637 3263 836 3367 Disciplinae
852 3291 946 3339 meae
963 3264 1074 3341 adhuc
1087 3271 1309 3351 alumnureunr

309 3384 409 3478 esset,
430 3393 623 3486 ingenium,
645 3385 856 3476 industriam,
879 3389 1044 3486 pudorem
1061 3413 1161 3488 atque
1177 3379 1309 3464 boneiu-
1358 3389 1359 3400 ’

310 3506 383 3581 tem
409 3534 548 3582 morum
572 3508 658 3582 mihi
680 3515 716 3581 in
740 3516 851 3610 paucis
876 3509 930 3582 vel
953 3517 1098 3584 maxime
1122 3505 1308 3612 approbarit·
1357 3605 1358 3608 Ἴ

310 3627 525 3730 theologicis,
552 3629 673 3730 quibus
697 3628 730 3703 se
755 3629 969 3732 postmodum
988 3629 1112 3704 addixit
1136 3629 1247 3715 sludiir,
1264 3615 1308 3693 ill·

308 3755 418 3827 lunxit
432 3761 597 3853 egregiam
612 3751 786 3824 literarum
800 3779 996 3852 graecarum
1012 3777 1047 3828 et
1070 3756 1240 3829 latinarum
1258 3762 1308 3842 pe·
1356 3783 1357 3816 i

308 3879 443 3966 riti2m3
475 3874 614 3948 mirifica
637 3873 793 3949 laborum
817 3883 847 3948 ei
872 3873 918 3950 est
933 3883 1109 3976 patientia,
1137 3863 1305 3972 etspefflti
1355 3899 1356 3954 ἕ

308 3989 457 4070 sollercia
479 3994 626 4095 fidesque
647 4001 682 4070 in
707 3995 922 4098 exsequendis
935 4005 1068 4092 muniis,
1091 3999 1210 4099 qmeei
1225 4009 1304 4060 man·
1355 3967 1356 4029 l

1044 4196 1047 4214 ι
1090 4109 1095 4134 ’
1190 4114 1303 4188 dentur·
1352 4069 1355 4250 l

1340 4253 1354 4558 l
